@article{zanjani2016automatically,
  title={Automatically recommending peer reviewers in modern code review},
  author={Zanjani, Motahareh Bahrami and Kagdi, Huzefa and Bird, Christian},
  journal={IEEE Transactions on Software Engineering},
  volume={42},
  number={6},
  pages={530--543},
  year={2016},
  publisher={IEEE}
}

@inproceedings{thongtanunam2015should,
  title={Who should review my code? A file location-based code-reviewer recommendation approach for modern code review},
  author={Thongtanunam, Patanamon and Tantithamthavorn, Chakkrit and Kula, Raula Gaikovina and Yoshida, Norihiro and Iida, Hajimu and Matsumoto, Ken-ichi},
  booktitle={Software Analysis, Evolution and Reengineering (SANER), 2015 IEEE 22nd International Conference on},
  pages={141--150},
  year={2015},
  organization={IEEE}
}

@inproceedings{xiong2018identifying,
  title={Identifying patch correctness in test-based program repair},
  author={Xiong, Yingfei and Liu, Xinyuan and Zeng, Muhan and Zhang, Lu and Huang, Gang},
  booktitle={Proceedings of the 40th International Conference on Software Engineering},
  pages={789--799},
  year={2018},
  organization={ACM}
}

@inproceedings{mikolov2013distributed,
  title={Distributed representations of words and phrases and their compositionality},
  author={Mikolov, Tomas and Sutskever, Ilya and Chen, Kai and Corrado, Greg S and Dean, Jeff},
  booktitle={Advances in neural information processing systems},
  pages={3111--3119},
  year={2013}
}
@inproceedings{bui2018hierarchical,
  title={Hierarchical learning of cross-language mappings through distributed vector representations for code},
  author={Bui, Nghi DQ and Jiang, Lingxiao},
  booktitle={Proceedings of the 40th International Conference on Software Engineering: New Ideas and Emerging Results},
  pages={33--36},
  year={2018},
  organization={ACM}
}

@inproceedings{kohavi1995study,
  title={A study of cross-validation and bootstrap for accuracy estimation and model selection},
  author={Kohavi, Ron and others},
  booktitle={Ijcai},
  volume={14},
  number={2},
  pages={1137--1145},
  year={1995},
  organization={Montreal, Canada}
}

@inproceedings{liu2017deep,
  title={Deep learning for extreme multi-label text classification},
  author={Liu, Jingzhou and Chang, Wei-Cheng and Wu, Yuexin and Yang, Yiming},
  booktitle={Proceedings of the 40th International ACM SIGIR Conference on Research and Development in Information Retrieval},
  pages={115--124},
  year={2017},
  organization={ACM}
}

@article{korbar2017deep,
  title={Deep learning for classification of colorectal polyps on whole-slide images},
  author={Korbar, Bruno and Olofson, Andrea M and Miraflor, Allen P and Nicka, Catherine M and Suriawinata, Matthew A and Torresani, Lorenzo and Suriawinata, Arief A and Hassanpour, Saeed},
  journal={Journal of pathology informatics},
  volume={8},
  year={2017},
  publisher={Wolters Kluwer--Medknow Publications}
}

@article{hinton2012improving,
  title={Improving neural networks by preventing co-adaptation of feature detectors},
  author={Hinton, Geoffrey E and Srivastava, Nitish and Krizhevsky, Alex and Sutskever, Ilya and Salakhutdinov, Ruslan R},
  journal={arXiv preprint arXiv:1207.0580},
  year={2012}
}

@book{frakes1992information,
  title={Information retrieval: Data structures \& algorithms},
  author={Frakes, William Bruce and Baeza-Yates, Ricardo},
  volume={331},
  year={1992},
  publisher={prentice Hall Englewood Cliffs, NJ}
}

@article{kantor1994information,
  title={Information Retrieval Techniques.},
  author={Kantor, Paul B},
  journal={Annual Review of Information Science and Technology (ARIST)},
  volume={29},
  pages={53--90},
  year={1994},
  publisher={ERIC}
}

@article{hinton2009deep,
  title={Deep belief networks},
  author={Hinton, Geoffrey E},
  journal={Scholarpedia},
  volume={4},
  number={5},
  pages={5947},
  year={2009}
}

@inproceedings{yang2015deep,
  title={Deep Learning for Just-in-Time Defect Prediction.},
  author={Yang, Xinli and Lo, David and Xia, Xin and Zhang, Yun and Sun, Jianling},
  booktitle={QRS},
  pages={17--26},
  year={2015}
}

@inproceedings{huo2016learning,
  title={Learning Unified Features from Natural and Programming Languages for Locating Buggy Source Code.},
  author={Huo, Xuan and Li, Ming and Zhou, Zhi-Hua},
  booktitle={IJCAI},
  pages={1606--1612},
  year={2016}
}

@inproceedings{wei2017supervised,
  title={Supervised Deep Features for Software Functional Clone Detection by Exploiting Lexical and Syntactical Information in Source Code.},
  author={Wei, Huihui and Li, Ming},
  booktitle={IJCAI},
  pages={3034--3040},
  year={2017}
}

@inproceedings{krizhevsky2012imagenet,
  title={Imagenet classification with deep convolutional neural networks},
  author={Krizhevsky, Alex and Sutskever, Ilya and Hinton, Geoffrey E},
  booktitle={Advances in neural information processing systems},
  pages={1097--1105},
  year={2012}
}

@inproceedings{arora2018optimization,
  title={On the optimization of deep networks: Implicit acceleration by overparameterization},
  author={Arora, Sanjeev and Cohen, Nadav and Hazan, Elad},
  booktitle={35th International Conference on Machine Learning (ICML)},
  year={2018},
  pages = {244--253}
}

@article{anthimopoulos2016lung,
  title={Lung pattern classification for interstitial lung diseases using a deep convolutional neural network},
  author={Anthimopoulos, Marios and Christodoulidis, Stergios and Ebner, Lukas and Christe, Andreas and Mougiakakou, Stavroula},
  journal={IEEE transactions on medical imaging},
  volume={35},
  number={5},
  pages={1207--1216},
  year={2016},
  publisher={IEEE}
}

@inproceedings{caruana2001overfitting,
  title={Overfitting in neural nets: Backpropagation, conjugate gradient, and early stopping},
  author={Caruana, Rich and Lawrence, Steve and Giles, C Lee},
  booktitle={Advances in neural information processing systems},
  pages={402--408},
  year={2001}
}

@inproceedings{mnih2014recurrent,
  title={Recurrent models of visual attention},
  author={Mnih, Volodymyr and Heess, Nicolas and Graves, Alex and others},
  booktitle={Advances in neural information processing systems},
  pages={2204--2212},
  year={2014}
}

@inproceedings{mikolov2010recurrent,
  title={Recurrent neural network based language model},
  author={Mikolov, Tom{\'a}{\v{s}} and Karafi{\'a}t, Martin and Burget, Luk{\'a}{\v{s}} and {\v{C}}ernock{\`y}, Jan and Khudanpur, Sanjeev},
  booktitle={Eleventh Annual Conference of the International Speech Communication Association},
  year={2010}
}

@book{hagan1996neural,
  title={Neural network design},
  author={Hagan, Martin T and Demuth, Howard B and Beale, Mark H and De Jes{\'u}s, Orlando},
  volume={20},
  year={1996},
  publisher={Pws Pub. Boston}
}

@article{joachims1999svmlight,
  title={{SVM}-{Light} Support vector machine},
  author={Joachims, Thorsten},
  journal={SVM-Light Support Vector Machine http://svmlight. joachims. org/, University of Dortmund},
  volume={19},
  number={4},
  year={1999}
}

@inproceedings{cauwenberghs2001incremental,
  title={Incremental and decremental support vector machine learning},
  author={Cauwenberghs, Gert and Poggio, Tomaso},
  booktitle={Advances in neural information processing systems},
  pages={409--415},
  year={2001}
}

@inproceedings{liu2003building,
  title={Building text classifiers using positive and unlabeled examples},
  author={Liu, Bing and Dai, Yang and Li, Xiaoli and Lee, Wee Sun and Yu, Philip S},
  booktitle={Data Mining, 2003. ICDM 2003. Third IEEE International Conference on},
  pages={179--186},
  year={2003},
  organization={IEEE}
}

@article{vijayarani2015preprocessing,
  title={Preprocessing techniques for text mining-an overview},
  author={Vijayarani, S and Ilamathi, Ms J and Nithya, Ms},
  journal={International Journal of Computer Science \& Communication Networks},
  volume={5},
  number={1},
  pages={7--16},
  year={2015}
}

@inproceedings{brants2003natural,
  title={Natural Language Processing in Information Retrieval.},
  author={Brants, Thorsten},
  booktitle={CLIN},
  year={2003}
}

@article{yu2014deep,
  title={Deep learning for answer sentence selection},
  author={Yu, Lei and Hermann, Karl Moritz and Blunsom, Phil and Pulman, Stephen},
  journal={arXiv preprint arXiv:1412.1632},
  year={2014}
}

@book{goodfellow2016deep,
  title={Deep learning},
  author={Goodfellow, Ian and Bengio, Yoshua and Courville, Aaron and Bengio, Yoshua},
  volume={1},
  year={2016},
  publisher={MIT press Cambridge}
}

@book{bishop1995neural,
  title={Neural networks for pattern recognition},
  author={Bishop, Chris and Bishop, Christopher M and others},
  year={1995},
  publisher={Oxford university press}
}

@book{cristianini2000introduction,
  title={An introduction to support vector machines and other kernel-based learning methods},
  author={Cristianini, Nello and Shawe-Taylor, John and others},
  year={2000},
  publisher={Cambridge university press}
}

@inproceedings{su2015multi,
  title={Multi-view convolutional neural networks for {3D} shape recognition},
  author={Su, Hang and Maji, Subhransu and Kalogerakis, Evangelos and Learned-Miller, Erik},
  booktitle={Proceedings of the IEEE international conference on computer vision},
  pages={945--953},
  year={2015}
}

@inproceedings{maturana2015voxnet,
  title={Voxnet: A {3D} convolutional neural network for real-time object recognition},
  author={Maturana, Daniel and Scherer, Sebastian},
  booktitle={Intelligent Robots and Systems (IROS), 2015 IEEE/RSJ International Conference on},
  pages={922--928},
  year={2015},
  organization={IEEE}
}

@book{jurafsky2014speech,
  title={Speech and language processing},
  author={Jurafsky, Dan and Martin, James H},
  volume={3},
  year={2014},
  publisher={Pearson London}
}

@inproceedings{maas2011learning,
  title={Learning word vectors for sentiment analysis},
  author={Maas, Andrew L and Daly, Raymond E and Pham, Peter T and Huang, Dan and Ng, Andrew Y and Potts, Christopher},
  booktitle={Proceedings of the 49th annual meeting of the association for computational linguistics: Human language technologies-volume 1},
  pages={142--150},
  year={2011},
  organization={Association for Computational Linguistics}
}

@article{miller1995wordnet,
  title={WordNet: a lexical database for English},
  author={Miller, George A},
  journal={Communications of the ACM},
  volume={38},
  number={11},
  pages={39--41},
  year={1995},
  publisher={ACM}
}

@inproceedings{kim2007predicting,
  title={Predicting faults from cached history},
  author={Kim, Sunghun and Zimmermann, Thomas and Whitehead Jr, E James and Zeller, Andreas},
  booktitle={Proceedings of the 29th International Conference on Software Engineering (ICSE)},
  pages={489--498},
  year={2007},
  organization={IEEE Computer Society}
}

@article{lee2003firm,
  title={From a firm-based to a community-based model of knowledge creation: The case of the {Linux} kernel development},
  author={Lee, Gwendolyn K and Cole, Robert E},
  journal={Organization science},
  volume={14},
  number={6},
  pages={633--649},
  year={2003},
  publisher={INFORMS}
}

@article{prechelt1998automatic,
  title={Automatic early stopping using cross validation: quantifying the criteria},
  author={Prechelt, Lutz},
  journal={Neural Networks},
  volume={11},
  number={4},
  pages={761--767},
  year={1998},
  publisher={Elsevier}
}

@article{hochreiter1997long,
  title={Long short-term memory},
  author={Hochreiter, Sepp and Schmidhuber, J{\"u}rgen},
  journal={Neural Computation},
  volume={9},
  number={8},
  pages={1735--1780},
  year={1997},
  publisher={MIT Press}
}

@inproceedings{severyn2015learning,
  title={Learning to rank short text pairs with convolutional deep neural networks},
  author={Severyn, Aliaksei and Moschitti, Alessandro},
  booktitle={Proceedings of the 38th International Conference on Research and Development in Information Retrieval (SIGIR)},
  pages={373--382},
  year={2015},
  organization={ACM}
}

@article{brown1992class,
  title={Class-based n-gram models of natural language},
  author={Brown, Peter F and Desouza, Peter V and Mercer, Robert L and Pietra, Vincent J Della and Lai, Jenifer C},
  journal={Computational Linguistics},
  volume={18},
  number={4},
  pages={467--479},
  year={1992},
  publisher={MIT Press}
}

@inproceedings{mou2016convolutional,
  title={Convolutional Neural Networks over Tree Structures for Programming Language Processing},
  author={Mou, Lili and Li, Ge and Zhang, Lu and Wang, Tao and Jin, Zhi},
  booktitle={AAAI},
  volume={2},
  number={3},
  pages={4},
  year={2016}
}

@article{safavian1991survey,
  title={A survey of decision tree classifier methodology},
  author={Safavian, S Rasoul and Landgrebe, David},
  journal={IEEE Transactions on Systems, Man, and Cybernetics},
  volume={21},
  number={3},
  pages={660--674},
  year={1991},
  publisher={IEEE}
}

@inproceedings{gu2016deep,
  title={Deep {API} learning},
  author={Gu, Xiaodong and Zhang, Hongyu and Zhang, Dongmei and Kim, Sunghun},
  booktitle={Proceedings of the 24th International Symposium on Foundations of Software Engineering (FSE)},
  pages={631--642},
  year={2016},
  organization={ACM}
}

@inproceedings{gupta2017deepfix,
  title={DeepFix: Fixing Common {C} Language Errors by Deep Learning.},
  author={Gupta, Rahul and Pal, Soham and Kanade, Aditya and Shevade, Shirish},
  booktitle={AAAI},
  pages={1345--1351},
  year={2017}
 }
  

@inproceedings{wang2016automatically,
  title={Automatically learning semantic features for defect prediction},
  author={Wang, Song and Liu, Taiyue and Tan, Lin},
  booktitle={Proceedings of the 38th International Conference on Software Engineering (ICSE)},
  pages={297--308},
  year={2016},
  organization={ACM}
}

@inproceedings{huo2017enhancing,
  title={Enhancing the Unified Features to Locate Buggy Files by Exploiting the Sequential Nature of Source Code},
  author={Huo, Xuan and Li, Ming},
  booktitle={Proceedings of the 26th International Joint Conference on Artificial Intelligence (IJCAI)},
  pages={1909--1915},
  year={2017},
  organization={AAAI Press}
}

@inproceedings{lam2017bug,
 author = {Lam, An Ngoc and Nguyen, Anh Tuan and Nguyen, Hoan Anh and Nguyen, Tien N.},
 title = {Bug Localization with Combination of Deep Learning and Information Retrieval},
 booktitle = {Proceedings of the 25th International Conference on Program Comprehension (ICPC)},
 series = {ICPC '17},
 year = {2017},
 address = {Buenos Aires, Argentina},
 pages = {218--229},
 numpages = {12},
} 

@inproceedings{guo2017semantically,
  title={Semantically enhanced software traceability using deep learning techniques},
  author={Guo, Jin and Cheng, Jinghui and Cleland-Huang, Jane},
  booktitle={Proceedings of the 39th International Conference on Software Engineering (ICSE)},
  pages={3--14},
  year={2017},
  organization={IEEE Press}
}

@inproceedings{white2016deep,
  title={Deep learning code fragments for code clone detection},
  author={White, Martin and Tufano, Michele and Vendome, Christopher and Poshyvanyk, Denys},
  booktitle={Proceedings of the 31st IEEE/ACM International Conference on Automated Software Engineering (ASE)},
  pages={87--98},
  year={2016},
  organization={ACM}
}

@inproceedings{white2015toward,
 author = {White, Martin and Vendome, Christopher and Linares-V\'{a}squez, Mario and Poshyvanyk, Denys},
 title = {Toward Deep Learning Software Repositories},
 booktitle = {Proceedings of the 12th Working Conference on Mining Software Repositories (MSR)},
 series = {MSR '15},
 year = {2015},
 isbn = {978-0-7695-5594-2},
 location = {Florence, Italy},
 pages = {334--345},
 numpages = {12},
 url = {http://dl.acm.org/citation.cfm?id=2820518.2820559},
 acmid = {2820559},
 publisher = {IEEE Press},
 address = {Piscataway, NJ, USA},
 keywords = {deep learning, machine learning, n-grams, neural networks, software language models, software repositories},
} 


@article{srivastava2014dropout,
	title={Dropout: A simple way to prevent neural networks from overfitting},
	author={Srivastava, Nitish and Hinton, Geoffrey and Krizhevsky, Alex and Sutskever, Ilya and Salakhutdinov, Ruslan},
	journal={The Journal of Machine Learning Research},
	volume={15},
	number={1},
	pages={1929--1958},
	year={2014},
	publisher={JMLR. org}
}

@inproceedings{kingma2014adam,
  title={Adam: A method for stochastic optimization},
  author={Kingma, Diederik P and Ba, Jimmy},
  booktitle={Proceedings of 3rd International Conference on Learning Representations (ICLR)},
  year={2015},
}

@article{zeiler2012adadelta,
  added-at = {2013-01-02T00:00:00.000+0100},
  author = {Zeiler, Matthew D.},
  biburl = {https://www.bibsonomy.org/bibtex/2593eceee0e364927f3dd9c85e788bba8/dblp},
  ee = {http://arxiv.org/abs/1212.5701},
  interhash = {0485dc964af0cd2296b6868b7f97c90d},
  intrahash = {593eceee0e364927f3dd9c85e788bba8},
  journal = {CoRR},
  keywords = {dblp},
  timestamp = {2013-01-03T11:32:48.000+0100},
  title = {ADADELTA: An Adaptive Learning Rate Method},
  url = {http://dblp.uni-trier.de/db/journals/corr/corr1212.html#abs-1212-5701},
  volume = {abs/1212.5701},
  year = 2012
}

@article{duchi2011adaptive,
	title={Adaptive subgradient methods for online learning and stochastic optimization},
	author={Duchi, John and Hazan, Elad and Singer, Yoram},
	journal={Journal of Machine Learning Research},
	volume={12},
	number={Jul},
	pages={2121--2159},
	year={2011}
}

@article{tieleman2012lecture,
	title={Lecture 6.5-rmsprop: Divide the gradient by a running average of its recent magnitude},
	author={Tieleman, Tijmen and Hinton, Geoffrey},
	journal={COURSERA: Neural networks for machine learning},
	volume={4},
	number={2},
	pages={26--31},
	year={2012}
}

@article{hagan1994training,
	title={Training feedforward networks with the {Marquardt} algorithm},
	author={Hagan, Martin T and Menhaj, Mohammad B},
	journal={IEEE Transactions on Neural Networks},
	volume={5},
	number={6},
	pages={989--993},
	year={1994},
	publisher={IEEE}
}

@incollection{bottou2010large,
	title={Large-scale machine learning with stochastic gradient descent},
	author={Bottou, L{\'e}on},
	booktitle={Proceedings of the 19th International Conference on Computational Statistics (COMPSTAT)},
	pages={177--186},
	year={2010},
	publisher={Springer}
}

@inproceedings{mhaskar1994choose,
	title={How to choose an activation function},
	author={Mhaskar, Hrushikesh Narhar and Micchelli, Charles A},
	booktitle={Advances in Neural Information Processing Systems (NIPS)},
	pages={319--326},
	year={1994}
}

@inproceedings{falleri2014fine,
	title={Fine-grained and accurate source code differencing},
	author={Falleri, Jean-R{\'e}my and Morandat, Flor{\'e}al and Blanc, Xavier and Martinez, Matias and Monperrus, Martin},
	booktitle={Proceedings of the 29th ACM/IEEE International Conference on Automated Software Engineering (ASE)},
	pages={313--324},
	year={2014},
	organization={ACM}
}

@inproceedings{padioleau2008documenting,
	title={Documenting and automating collateral evolutions in {Linux} device drivers},
	author={Padioleau, Yoann and Lawall, Julia and Hansen, Ren{\'e} Rydhof and Muller, Gilles},
	booktitle={EuroSys},
	pages={247--260},
	year={2008}
}

@inproceedings{yoann:cc,
  author    = {Yoann Padioleau},
  title     = {Parsing {C/C++} Code without Pre-processing},
  booktitle = {Compiler Construction},
  pages     = {109--125},
  year      = {2009},
}

@article{suykens1999least,
	title={Least squares support vector machine classifiers},
	author={Suykens, Johan AK and Vandewalle, Joos},
	journal={Neural Processing Letters},
	volume={9},
	number={3},
	pages={293--300},
	year={1999},
	publisher={Springer}
}

@inproceedings{letouzey2000learning,
	title={Learning from positive and unlabeled examples},
	author={Letouzey, Fabien and Denis, Fran{\c{c}}ois and Gilleron, R{\'e}mi},
	booktitle={International Conference on Algorithmic Learning Theory (ALT)},
	pages={71--85},
	year={2000},
	organization={Springer}
}

@inproceedings{tian2012identifying,
	title={Identifying {Linux} bug fixing patches},
	author={Tian, Yuan and Lawall, Julia and Lo, David},
	booktitle={Proceedings of the 34th International Conference on Software Engineering (ICSE)},
	pages={386--396},
	year={2012},
	organization={IEEE Press}
}

@article{collobert2011natural,
	title={Natural language processing (almost) from scratch},
	author={Collobert, Ronan and Weston, Jason and Bottou, L{\'e}on and Karlen, Michael and Kavukcuoglu, Koray and Kuksa, Pavel},
	journal={Journal of Machine Learning Research},
	volume={12},
	number={Aug},
	pages={2493--2537},
	year={2011}
}

@inproceedings{dahl2013improving,
	title={Improving deep neural networks for {LVCSR} using rectified linear units and dropout},
	author={Dahl, George E and Sainath, Tara N and Hinton, Geoffrey E},
	booktitle={Proceedings of IEEE International Conference on Acoustics, Speech and Signal Processing (ICASSP)},
	pages={8609--8613},
	year={2013},
	organization={IEEE}
}

@inproceedings{nair2010rectified,
	title={Rectified linear units improve restricted boltzmann machines},
	author={Nair, Vinod and Hinton, Geoffrey E},
	booktitle={Proceedings of the 27th International Conference on Machine Learning (ICML)},
	pages={807--814},
	year={2010}
}

@article{anastassiou2011univariate,
	title={Univariate hyperbolic tangent neural network approximation},
	author={Anastassiou, George A},
	journal={Mathematical and Computer Modelling},
	volume={53},
	number={5-6},
	pages={1111--1132},
	year={2011},
	publisher={Elsevier}
}

@inproceedings{han1995influence,
	title={The influence of the sigmoid function parameters on the speed of backpropagation learning},
	author={Han, Jun and Moraga, Claudio},
	booktitle={International Workshop on Artificial Neural Networks},
	pages={195--201},
	year={1995},
	organization={Springer}
}

@inproceedings{molchanov2015hand,
	title={Hand gesture recognition with 3D convolutional neural networks},
	author={Molchanov, Pavlo and Gupta, Shalini and Kim, Kihwan and Kautz, Jan},
	booktitle={Proceedings of the IEEE Conference on Computer Vision and Pattern Recognition Workshops},
	pages={1--7},
	year={2015}
}

@inproceedings{karpathy2014large,
	title={Large-scale video classification with convolutional neural networks},
	author={Karpathy, Andrej and Toderici, George and Shetty, Sanketh and Leung, Thomas and Sukthankar, Rahul and Fei-Fei, Li},
	booktitle={Proceedings of the IEEE Conference on Computer Vision and Pattern Recognition (CVPR)},
	pages={1725--1732},
	year={2014}
}

@article{ji20133d,
	title={{3D} convolutional neural networks for human action recognition},
	author={Ji, Shuiwang and Xu, Wei and Yang, Ming and Yu, Kai},
	journal={IEEE Transactions on Pattern Analysis and Machine Intelligence},
	volume={35},
	number={1},
	pages={221--231},
	year={2013},
	publisher={IEEE}
}

@inproceedings{kalchbrenner2014convolutional,
  address = {Baltimore, Maryland},
  author = {Kalchbrenner, Nal and Grefenstette, Edward and Blunsom, Phil},
  booktitle = {Proceedings of the 52nd Annual Meeting of the Association for Computational Linguistics (ACL)},
  month = {June},
  pages = {655--665},
  publisher = {Association for Computational Linguistics},
  title = {A Convolutional Neural Network for Modelling Sentences},
  url = {http://www.aclweb.org/anthology/P14-1062},
  year = 2014
}

@article{schmidhuber2015deep,
  title={Deep learning in neural networks: An overview},
  author={Schmidhuber, J{\"u}rgen},
  journal={Neural networks},
  volume={61},
  pages={85--117},
  year={2015},
  publisher={Elsevier}
}

@inproceedings{kim2014convolutional,
  author = {Kim, Yoon},
  biburl = {https://www.bibsonomy.org/bibtex/2ca3690ad4dc124a0e0f30afaa475adb9/albinzehe},
  booktitle = {Proceedings of the 2014 Conference on Empirical Methods in Natural Language Processing (EMNLP)},
  description = {dblp: BibTeX record conf/emnlp/Kim14},
  pages = {1746--1751},
  title = {Convolutional Neural Networks for Sentence Classification},
  url = {http://aclweb.org/anthology/D/D14/D14-1181.pdf},
  year = 2014
}

@inproceedings{graves2013speech,
  title={Speech recognition with deep recurrent neural networks},
  author={Graves, Alex and Mohamed, Abdel-rahman and Hinton, Geoffrey},
  booktitle={Proceedings of IEEE International Conference Acoustics, Speech and Signal Processing (ICASSP)},
  pages={6645--6649},
  year={2013},
  organization={IEEE}
}

@inproceedings{pennington2014glove,
  title={Glove: Global vectors for word representation},
  author={Pennington, Jeffrey and Socher, Richard and Manning, Christopher},
  booktitle={Proceedings of the 2014 Conference on Empirical Methods in Natural Language Processing (EMNLP)},
  pages={1532--1543},
  year={2014}
}

@article{medsker2001recurrent,
  title={Recurrent neural networks},
  author={Medsker, LR and Jain, LC},
  journal={Design and Applications},
  volume={5},
  year={2001},
  publisher={Citeseer}
}

@inproceedings{socher2011parsing,
  title={Parsing natural scenes and natural language with recursive neural networks},
  author={Socher, Richard and Lin, Cliff C and Manning, Chris and Ng, Andrew Y},
  booktitle={Proceedings of the 28th International Conference on Machine Learning (ICML)},
  pages={129--136},
  year={2011}
}

@article{lecun1998gradient,
  title={Gradient-based learning applied to document recognition},
  author={LeCun, Yann and Bottou, L{\'e}on and Bengio, Yoshua and Haffner, Patrick},
  journal={Proceedings of the IEEE},
  volume={86},
  number={11},
  pages={2278--2324},
  year={1998},
  publisher={IEEE}
}

@inproceedings{shen2014learning,
  title={Learning semantic representations using convolutional neural networks for web search},
  author={Shen, Yelong and He, Xiaodong and Gao, Jianfeng and Deng, Li and Mesnil, Gr{\'e}goire},
  booktitle={Proceedings of the 23rd International Conference on World Wide Web (WWW)},
  pages={373--374},
  year={2014},
  organization={ACM}
}

@book{haykin2001kalman,
  title={Kalman filtering and neural networks},
  author={Haykin, Simon S},
  year={2001},
  publisher={Wiley Online Library}
}

@misc{Levin:xfsmail,
  author = {Sasha Levin},
  title = {Re: {[PATCH]} xfs: always free inline data before resetting inode fork during ifree},
  year = 2018,
  month = mar,
  note = {https://www.mail-archive.com/linux-kernel@vger.kernel.org/msg1648749.html}
}

@inproceedings{li2017cclearner,
  title={{CCLearner}: A Deep Learning-Based Clone Detection Approach},
  author={Li, Liuqing and Feng, He and Zhuang, Wenjie and Meng, Na and Ryder, Barbara},
  booktitle={Proceedings of 33rd Software Maintenance and Evolution (ICSME)},
  pages={249--260},
  year={2017},
  organization={IEEE}
}

@misc{Corbet:750054,
  title = {Some 4.16 and -stable development statistics},
  author = {Jonathan Corbet},
  year = 2018,
  month = mar,
  booktitle = {Linux Weekly News}
}

@inproceedings{graves2005bidirectional,
  title={Bidirectional {LSTM} networks for improved phoneme classification and recognition},
  author={Graves, Alex and Fern{\'a}ndez, Santiago and Schmidhuber, J{\"u}rgen},
  booktitle={International Conference on Artificial Neural Networks (ICANN)},
  pages={799--804},
  year={2005},
  organization={Springer}
}

@misc{stabledoc,
  key = {Everything you ever wanted to know about {Linux} -stable releases},
  title = {Everything you ever wanted to know about {Linux} -stable releases},
  note = {https://www.kernel.org/doc/html/v4.15/process/stable-kernel-rules.html}
}

@misc{sasha,
  title = {Building Stable Trees with Machine Learning},
  author = {Sasha Levin},
  booktitle = {Open Source Summit Japan},
  year = 2018,
  month = jun
}

  